@TechReport{Storn95,
    author = {Storn R., Price K.},
    title = {Differential Evolution -- A Simple and Efficient Heuristic
        for Global Optimization over Continuous Spaces},
    institution = {ICSI},
    year = {1995},
    number = {Technical Report TR-95-012}
}

@article{Kozlov11,
    author = {Konstantin Kozlov and Alexander Samsonov},
    title = {DEEP -- Differential Evolution Entirely
        Parallel Method for Gene Regulatory Networks},
    journal = {Journal of Supercomputing},
    year = {2011},
    volume = {57},
    pages = {172-178}
}

@article{Kozlov13,
    author = {Konstantin Kozlov and Nikita Ivanisenko and Vladimir Ivanisenko and Nikolay Kolchanov and Maria Samsonova and Alexander M. Samsonov},
    title = {{Enhanced Differential Evolution Entirely Parallel Method for Biomedical Applications}},
    journal = {{LNCS 7979}},
    volume = {V. Malyshkin (Ed.): PaCT 2013},
    pages = {409--416},
    year = {2013}
}

@article {KozlovThesis,
    author  = {Константин Николаевич Козлов},
    title   = {Реконструкция регуляторной сети генов сегментации в эмбрионе дрозофилы по экспериментальным данным - изображениям картин активности генов},
    journal = {ВАК 03.01.09},
    year    = {2012},
    volume  = {146}
}

@online{GLib,
   author = "Центр разработки GNOME",
   title = "GLib Reference Manual",
   year = "2016",
   url = "https://en.wikipedia.org/w/index.php?title=LaTeX&oldid=413720397",
   note = "[Онлайн; доступ 8-март-2016]"
}

@article{kozlov2012modeling,
    title={Modeling of gap gene expression in Drosophila Kruppel mutants},
    author={Kozlov, Konstantin and Surkova, Svetlana and Myasnikova, Ekaterina and Reinitz, John and Samsonova, Maria},
    journal={PLoS Comput Biol},
    volume={8},
    number={8},
    pages={e1002635},
    year={2012},
    publisher={Public Library of Science}
}

@article{kozlov2014sequence,
    title={Sequence-based model of gap gene regulatory network},
    author={Kozlov, Konstantin and Gursky, Vitaly and Kulakovskiy, Ivan and Samsonova, Maria},
    journal={BMC genomics},
    volume={15},
    number={Suppl 12},
    pages={S6},
    year={2014},
    publisher={BioMed Central Ltd}
}

@incollection{kozlov2013enhanced,
    title={Enhanced Differential Evolution Entirely Parallel Method for Biomedical Applications},
    author={Kozlov, Konstantin and Ivanisenko, Nikita and Ivanisenko, Vladimir and Kolchanov, Nikolay and Samsonova, Maria and Samsonov, Alexander M},
    booktitle={Parallel Computing Technologies},
    pages={409--416},
    year={2013},
    publisher={Springer}
}

@article{ivanisenko2014new,
    title={A new stochastic model for subgenomic hepatitis c virus replication considers drug resistant mutants},
    author={Ivanisenko, Nikita V and Mishchenko, Elena L and Akberdin, Ilya R and Demenkov, Pavel S and Likhoshvai, Vitaly A and Kozlov, Konstantin N and Todorov, Dmitry I and Gursky, Vitaly V and Samsonova, Maria G and Samsonov, Alexander M and others},
    journal={PloS one},
    volume={9},
    number={3},
    pages={e91502},
    year={2014},
    publisher={Public Library of Science}
}

@article{ivanisenko2013replication,
    title={Replication of the subgenomic hepatitis C virus replicon in the presence of the NS3 protease inhibitors: a stochastic model},
    author={Ivanisenko, NV and Mishchenko, EL and Akberdin, IR and Demenkov, PS and Likhoshvai, VA and Kozlov, KN and Todorov, DI and Samsonova, MG and Samsonov, AM and Kolchanov, NA and others},
    journal={Biophysics},
    volume={58},
    number={5},
    pages={592--606},
    year={2013},
    publisher={Springer}
}

@article{kozlov2015differential,
    title={Differential Evolution approach to detect recent admixture},
    author={Kozlov, Konstantin and Chebotarev, Dmitri and Hassan, Mehedi and Triska, Martin and Triska, Petr and Flegontov, Pavel and Tatarinova, Tatiana V},
    journal={BMC genomics},
    volume={16},
    number={Suppl 8},
    pages={S9},
	year={2015},
	publisher={BioMed Central Ltd}
}

@inproceedings{zaharie2002parameter,
	title={Parameter adaptation in differential evolution by controlling the population diversity},
	author={Zaharie, Daniela},
	booktitle={Proceedings of the international workshop on symbolic and numeric algorithms for scientific computing},
	pages={385--397},
	year={2002}
}

@article{fan2003trigonometric,
	title={A trigonometric mutation operation to differential evolution},
	author={Fan, Hui-Yuan and Lampinen, Jouni},
	journal={Journal of global optimization},
	volume={27},
	number={1},
	pages={105--129},
	year={2003},
	publisher={Springer}
}

@article{pisarev2015tracker,
    title={Численный анализ траекторий частиц в живых клетках в условиях неопределенности},
    author={Писарев, A.C. and Руколайне, С.А. and Самсонов, А.М. and Самсонова, М.Г.},
    journal={БИОФИЗИКА},
    volume={9},
    number={том 60, выпуск 5},
    pages={981--989},
    year={2015}
}
